% Encoding: UTF-8
@misc{caprioWWWiopartnum,
  author = {Mark A. Caprio},
  institute = {Centor for Theoretical Physics, Yale University},
  publisher = {Comprehensive TeX Archive Network},
  url = {https://ctan.org/pkg/iopart-num},
}



@ONLINE{8020,
    author = {80/20.inc},
    title = {T-Slotted Profiles},
    year = {},
    publisher = {},
    url = {https://8020.net/framing-options/t-slotted-profiles.html},
    note = {Accessed on given date 2020-02-22 },
}

@ONLINE{skolar,
    author = {Eyja Margrét Brynjarsdóttir},
    title = {Hvað eru margir grunnskólar á Íslandi?},
    year = {2003},
    publisher = {Vísindavefurinn},
    url = {https://www.visindavefur.is/svar.php?id=3572},
     note = {Accessed on given date 2020-02-22 },
}

@ONLINE{ispan,
    author = {},
    title = {Einfalt gler},
    year = {},
    publisher = {Íspan},
    url = {https://ispan.is/form/pontun},
     note = {Accessed on given date 2020-02-22 },
}

@ONLINE{db,
    author = {},
    title = {Application of Axiomatic Design},
    year = {2003-2004},
    publisher = {System Design, LLC},
    url = {http://sysdesign.org/msdd/axiomaticdesign.htm},
     note = {Accessed on given date 2020-03-15 },
}

@ONLINE{system_design,
    author = {},
    title = {Decibel Level Comparison Chart},
    year = {},
    publisher = {Yale},
    url = {https://ehs.yale.edu/sites/default/files/files/decibel-level-chart.pdf},
     note = {Accessed on given date 2020-03-09 },
}

@book{feynman2011feynman,
  title={The Feynman lectures on physics, Vol. II: Reflection from Surfaces},
  author={Feynman, Richard P and Leighton, Robert B and Sands, Matthew},
  volume={2},
  year={2011},
      url = {https://www.feynmanlectures.caltech.edu/II_33.html#Ch33-S6},
  publisher={Basic books}
}

@article{birdwell2015capturing,
  title={Capturing technical lectures on lightboard},
  author={Birdwell, J Alex and Peshkin, Michael},
  journal={age},
  volume={26},
  pages={1},
  year={2015}
}

@Misc{Rocketbook,
  author = {Rocketbook™},
  title  = {Rocketbook Beacons},
  year   = {2020},
  url    = {https://getrocketbook.co.uk/collections/all-products/products/rocketbook-beacons?variant=30324556333128},
      timestamp = {2020-03-04},
}

@Misc{Revolution,
  author = {Revolution Lightboards™},
  title  = {Height Adjustable Studio Package, Extra Large (95")},
  year   = {2020},
  url    = {https://revolutionlightboards.com/collections/studio-packages/products/height-adjustable-studio-package-extra-large-95},
      timestamp = {2020-03-04},
}


@book{suh2001axiomatic,
  title={Axiomatic design: advances and applications},
  author={Suh, Nam P},
  year={2001},
  publisher={Oxford University Press, USA}
}